<record xmlns="http://www.loc.gov/MARC21/slim">
   <leader>01729cam a2200385   45 0</leader>
   <controlfield tag="001">6786733</controlfield>
   <controlfield tag="008">150121c20159999onca          000 0 eng d</controlfield>
   <datafield ind1=" " ind2=" " tag="035">
      <subfield code="a">ocn910283272</subfield>
   </datafield>
   <datafield ind1=" " ind2=" " tag="040">
      <subfield code="a">AVEE</subfield>
      <subfield code="b">eng</subfield>
   </datafield>
   <datafield ind1=" " ind2="4" tag="055">
      <subfield code="a">TK3278</subfield>
   </datafield>
   <datafield ind1=" " ind2=" " tag="090">
      <subfield code="a">621.319 C212 Ele</subfield>
      <subfield code="b">AFFC</subfield>
   </datafield>
   <datafield ind1=" " ind2=" " tag="090">
      <subfield code="a">TK 275 C3632 2015</subfield>
      <subfield code="b">ARDC</subfield>
   </datafield>
   <datafield ind1=" " ind2=" " tag="090">
      <subfield code="a">TK 266 C363</subfield>
      <subfield code="b">AGPC</subfield>
   </datafield>
   <datafield ind1=" " ind2=" " tag="090">
      <subfield code="a">TK 3278 C212a</subfield>
      <subfield code="b">AER</subfield>
   </datafield>
   <datafield ind1=" " ind2=" " tag="245">
      <subfield code="a">Electrical quick reference /</subfield>
      <subfield code="c">CSA Group.</subfield>
   </datafield>
   <datafield ind1=" " ind2=" " tag="264">
      <subfield code="a">Rexdale, Ontario :</subfield>
      <subfield code="b">CSA Group,</subfield>
      <subfield code="c">2015-</subfield>
   </datafield>
   <datafield ind1=" " ind2=" " tag="300">
      <subfield code="a">volume :</subfield>
      <subfield code="b">illustrated.</subfield>
   </datafield>
   <datafield ind1=" " ind2=" " tag="336">
      <subfield code="a">text</subfield>
      <subfield code="b">txt</subfield>
      <subfield code="2">rdamedia</subfield>
   </datafield>
   <datafield ind1=" " ind2=" " tag="337">
      <subfield code="a">unmediated</subfield>
      <subfield code="b">n</subfield>
      <subfield code="2">rdamedia</subfield>
   </datafield>
   <datafield ind1=" " ind2=" " tag="338">
      <subfield code="a">volume</subfield>
      <subfield code="b">nc</subfield>
      <subfield code="2">rdacarrier</subfield>
   </datafield>
   <datafield ind1=" " ind2=" " tag="500">
      <subfield code="a">"Based on 2015 CE Code, Part 1"--cover</subfield>
   </datafield>
   <datafield ind1=" " ind2=" " tag="500">
      <subfield code="a">Description based on: 2015.</subfield>
   </datafield>
   <datafield ind1=" " ind2=" " tag="596">
      <subfield code="a">14 28 35 54</subfield>
   </datafield>
   <datafield ind1=" " ind2="0" tag="650">
      <subfield code="a">Electrical engineering</subfield>
      <subfield code="x">Standards</subfield>
      <subfield code="z">Canada.</subfield>
   </datafield>
   <datafield ind1=" " ind2="0" tag="650">
      <subfield code="a">Electrical engineering</subfield>
      <subfield code="x">Safety regulations</subfield>
      <subfield code="z">Canada.</subfield>
   </datafield>
   <datafield ind1=" " ind2="0" tag="650">
      <subfield code="a">Electric wiring</subfield>
      <subfield code="x">Safety regulations</subfield>
      <subfield code="z">Canada.</subfield>
   </datafield>
   <datafield ind1=" " ind2="0" tag="650">
      <subfield code="a">Electric wiring</subfield>
      <subfield code="x">Standards</subfield>
      <subfield code="z">Canada.</subfield>
   </datafield>
   <datafield ind1="2" ind2=" " tag="710">
      <subfield code="a">CSA Group.</subfield>
   </datafield>
   <datafield ind1="2" ind2=" " tag="710">
      <subfield code="a">Canadian Standards Association.</subfield>
   </datafield>
   <datafield ind1="0" ind2="0" tag="780">
      <subfield code="t">CE code pocket reference</subfield>
   </datafield>
   <datafield ind1=" " ind2=" " tag="926">
      <subfield code="a">TK 3278 C212A 2015</subfield>
      <subfield code="w">LCPER</subfield>
      <subfield code="c">1</subfield>
      <subfield code="i">0163020229676</subfield>
      <subfield code="d">1/23/2015</subfield>
      <subfield code="e">1/23/2015</subfield>
      <subfield code="k">CHECKEDOUT</subfield>
      <subfield code="l">ON_SHELF</subfield>
      <subfield code="m">AITF_MW</subfield>
      <subfield code="n">1</subfield>
      <subfield code="p">$150.00</subfield>
      <subfield code="r">M</subfield>
      <subfield code="s">Y</subfield>
      <subfield code="t">LOCAL_LOAN</subfield>
      <subfield code="u">1/21/2015</subfield>
   </datafield>
   <datafield ind1=" " ind2=" " tag="926">
      <subfield code="a">TK 3278 C212A 2015</subfield>
      <subfield code="w">LCPER</subfield>
      <subfield code="c">2</subfield>
      <subfield code="i">0163020229734</subfield>
      <subfield code="d">1/23/2015</subfield>
      <subfield code="e">1/23/2015</subfield>
      <subfield code="k">CHECKEDOUT</subfield>
      <subfield code="l">ON_SHELF</subfield>
      <subfield code="m">AITF_MW</subfield>
      <subfield code="n">1</subfield>
      <subfield code="p">$150.00</subfield>
      <subfield code="r">M</subfield>
      <subfield code="s">Y</subfield>
      <subfield code="t">LOCAL_LOAN</subfield>
      <subfield code="u">1/21/2015</subfield>
   </datafield>
   <datafield ind1=" " ind2=" " tag="926">
      <subfield code="a">TK 266 C36 2015</subfield>
      <subfield code="w">LC</subfield>
      <subfield code="c">1</subfield>
      <subfield code="i">31847001274296</subfield>
      <subfield code="l">ON_SHELF</subfield>
      <subfield code="m">GPRC_GP</subfield>
      <subfield code="r">Y</subfield>
      <subfield code="s">Y</subfield>
      <subfield code="t">BOOK</subfield>
      <subfield code="u">5/21/2015</subfield>
   </datafield>
   <datafield ind1=" " ind2=" " tag="926">
      <subfield code="a">TK 275 C3632 2015</subfield>
      <subfield code="w">LC</subfield>
      <subfield code="c">1</subfield>
      <subfield code="i">30125302452452</subfield>
      <subfield code="d">4/3/2017</subfield>
      <subfield code="e">4/3/2017</subfield>
      <subfield code="k">CHECKEDOUT</subfield>
      <subfield code="l">FLOOR_2</subfield>
      <subfield code="m">RED_DEER_C</subfield>
      <subfield code="n">12</subfield>
      <subfield code="r">M</subfield>
      <subfield code="s">Y</subfield>
      <subfield code="t">BOOK</subfield>
      <subfield code="u">5/25/2015</subfield>
   </datafield>
   <datafield ind1=" " ind2=" " tag="926">
      <subfield code="a">621.319 C212 Ele 2015</subfield>
      <subfield code="w">DEWEY</subfield>
      <subfield code="c">1</subfield>
      <subfield code="i">0164070670763</subfield>
      <subfield code="l">REFERENCE</subfield>
      <subfield code="m">GPRC_FRVW</subfield>
      <subfield code="r">Y</subfield>
      <subfield code="s">Y</subfield>
      <subfield code="t">LOCAL_LOAN</subfield>
      <subfield code="u">4/18/2016</subfield>
   </datafield>
</record>
